<record><leader>00000cas a2200000 a 4500</leader><controlfield tag="001">23865893</controlfield><controlfield tag="008">910531d18uu189uiludr ne      0   a0eng c</controlfield><datafield ind1=" " ind2=" " tag="010"><subfield code="a">sn 91054612 </subfield></datafield><datafield ind1=" " ind2=" " tag="040"><subfield code="a">NVF</subfield><subfield code="b">eng</subfield><subfield code="c">NVF</subfield><subfield code="d">OCL</subfield><subfield code="d">NVF</subfield><subfield code="d">OCLCF</subfield><subfield code="d">OCLCO</subfield><subfield code="d">NVF</subfield></datafield><datafield ind1=" " ind2=" " tag="042"><subfield code="a">pcc</subfield></datafield><datafield ind1=" " ind2=" " tag="043"><subfield code="a">n-us-il</subfield></datafield><datafield ind1="0" ind2="0" tag="245"><subfield code="a">Pana morning gazette.</subfield></datafield><datafield ind1="1" ind2="3" tag="246"><subfield code="a">Pana daily gazette</subfield></datafield><datafield ind1=" " ind2=" " tag="260"><subfield code="a">Pana, Ill. :</subfield><subfield code="b">[publisher not identified]</subfield></datafield><datafield ind1=" " ind2=" " tag="300"><subfield code="a">v.</subfield></datafield><datafield ind1=" " ind2=" " tag="310"><subfield code="a">Daily</subfield></datafield><datafield ind1=" " ind2=" " tag="588"><subfield code="a">Description based on: May 11, 1898.</subfield></datafield><datafield ind1=" " ind2=" " tag="588"><subfield code="a">Latest issue consulted: May 11, 1898.</subfield></datafield><datafield ind1=" " ind2="0" tag="651"><subfield code="a">Pana (Ill.)</subfield><subfield code="v">Newspapers.</subfield></datafield><datafield ind1=" " ind2="7" tag="651"><subfield code="a">Illinois</subfield><subfield code="z">Pana.</subfield><subfield code="2">fast</subfield><subfield code="0">(OCoLC)fst01217942</subfield></datafield><datafield ind1=" " ind2="7" tag="655"><subfield code="a">Newspapers.</subfield><subfield code="2">fast</subfield><subfield code="0">(OCoLC)fst01423814</subfield></datafield><datafield ind1=" " ind2=" " tag="752"><subfield code="a">United States</subfield><subfield code="b">Illinois</subfield><subfield code="c">Christian County</subfield><subfield code="d">Pana.</subfield></datafield><datafield ind1="0" ind2="0" tag="785"><subfield code="t">Pana evening gazette</subfield><subfield code="w">(DLC)sn 91054613</subfield><subfield code="w">(OCoLC)23865938</subfield></datafield></record>